@article{shabalin2012matrix,
  title={Matrix eQTL: ultra fast eQTL analysis via large matrix operations},
  author={Shabalin, Andrey A},
  journal={Bioinformatics},
  volume={28},
  number={10},
  pages={1353--1358},
  year={2012},
  publisher={Oxford University Press}
}

@article{broman2003r,
	title={R/qtl: QTL mapping in experimental crosses},
	author={Broman, Karl W and Wu, Hao and Sen, {\'S}aunak and Churchill, Gary A},
	journal={Bioinformatics},
	volume={19},
	number={7},
	pages={889--890},
	year={2003},
	publisher={Oxford University Press}
}

@article{haley1992simple,
	title={A simple regression method for mapping quantitative trait loci in line crosses using flanking markers},
	author={Haley, Chris S and Knott, Sarah A},
	journal={Heredity},
	volume={69},
	number={4},
	pages={315},
	year={1992},
	publisher={Nature Publishing Group}
}

@article{lander1989mapping,
	title={Mapping mendelian factors underlying quantitative traits using RFLP linkage maps.},
	author={Lander, Eric S and Botstein, David},
	journal={Genetics},
	volume={121},
	number={1},
	pages={185--199},
	year={1989},
	publisher={Genetics Soc America}
}

@article{runcie2018fast,
	title={Fast and general-purpose linear mixed models for genome-wide genetics},
	author={Runcie, Daniel E and Crawford, Lorin},
	journal={bioRxiv},
	pages={373902},
	year={2018},
	publisher={Cold Spring Harbor Laboratory}
}

@article{loh2015efficient,
	title={Efficient Bayesian mixed-model analysis increases association power in large cohorts},
	author={Loh, Po-Ru and Tucker, George and Bulik-Sullivan, Brendan K and Vilhjalmsson, Bjarni J and Finucane, Hilary K and Salem, Rany M and Chasman, Daniel I and Ridker, Paul M and Neale, Benjamin M and Berger, Bonnie and others},
	journal={Nature genetics},
	volume={47},
	number={3},
	pages={284},
	year={2015},
	publisher={Nature Publishing Group}
}

@inproceedings{wang2013augem,
	title={AUGEM: automatically generate high performance dense linear algebra kernels on x86 CPUs},
	author={Wang, Qian and Zhang, Xianyi and Zhang, Yunquan and Yi, Qing},
	booktitle={SC'13: Proceedings of the International Conference on High Performance Computing, Networking, Storage and Analysis},
	pages={1--12},
	year={2013},
	organization={IEEE}
}

@article{bezanson2017julia,
	title={Julia: A fresh approach to numerical computing},
	author={Bezanson, Jeff and Edelman, Alan and Karpinski, Stefan and Shah, Viral B},
	journal={SIAM review},
	volume={59},
	number={1},
	pages={65--98},
	year={2017},
	publisher={SIAM},
	url={https://doi.org/10.1137/141000671}
}

@article{Nickolls:2008:SPP:1365490.1365500,
	author = {Nickolls, John and Buck, Ian and Garland, Michael and Skadron, Kevin},
	title = {Scalable Parallel Programming with CUDA},
	journal = {Queue},
	issue_date = {March/April 2008},
	volume = {6},
	number = {2},
	month = mar,
	year = {2008},
	issn = {1542-7730},
	pages = {40--53},
	numpages = {14},
	url = {http://doi.acm.org/10.1145/1365490.1365500},
	doi = {10.1145/1365490.1365500},
	acmid = {1365500},
	publisher = {ACM},
	address = {New York, NY, USA}
}

@misc{cublas,
	title={cuBLAS},
	author = {NVIDIA},
	howpublished = {\url{https://developer.nvidia.com/cublas}},
	note = {Accessed: 2019-07-24},
	year = {2019}
}

@misc{nvprof,
	title={nvprof},
	author = {NVIDIA},
	howpublished = {\url{https://docs.nvidia.com/cuda/profiler-users-guide/index.html}},
	note = {Accessed: 2019-07-24},
	year = {2019}
}

@misc{cuarray,
	title={cuArray},
	author = {Besard, Tim},
	howpublished = {\url{https://github.com/JuliaGPU/CuArrays.jl}},
	note = {Accessed: 2019-07-24},
	year = {2019}
}

	
@article{CUDAnative.jl-2018,
	author        = {Besard, Tim and Foket, Christophe and De Sutter, Bjorn},
	title         = {Effective Extensible Programming: Unleashing {Julia} on {GPUs}},
	journal       = {IEEE Transactions on Parallel and Distributed Systems},
	year          = {2018},
	doi           = {10.1109/TPDS.2018.2872064},
	ISSN          = {1045-9219},
	archivePrefix = {arXiv},
	eprint        = {1712.03112},
	primaryClass  = {cs.PL},
}



